@book{numeric_method_book,
    author = "J. P. Boyd",
    title = "Chebyshev and Fourier Spectral Methods",
    publisher = "",
    year = "2001"
}
@article{Peskin2002ImmersedBoundary,
  title={The immersed boundary method},
  author={Peskin, Charles S.},
  journal={Acta Numerica},
  volume={2002},
  pages={479--517},
  year={2002},
  publisher={Cambridge University Press},
  doi={10.1017/S0962492902000077},
}

